@INPROCEEDINGS{uav,
  author={Nahar, Prakhar and Wu, Kang-hua and Mei, Sitao and Ghoghari, Hadiyah and Srinivasan, Preethi and Lee, Yueh-lin and Gao, Jerry and Guan, Xuan},
  booktitle={2017 IEEE SmartWorld, Ubiquitous Intelligence   Computing, Advanced   Trusted Computed, Scalable Computing   Communications, Cloud   Big Data Computing, Internet of People and Smart City Innovation (SmartWorld/SCALCOM/UIC/ATC/CBDCom/IOP/SCI)},
  title={Autonomous UAV forced graffiti detection and removal system based on machine learning},
  year={2017},
  volume={},
  number={},
  pages={1-8},
  doi={10.1109/UIC-ATC.2017.8397582}
}

@inproceedings{gang,
  author    = {He Li and
               Joonsoo Kim and
               Edward J. Delp},
  editor    = {Charles A. Bouman and
               Robert L. Stevenson},
  title     = {Deep Gang Graffiti Component Analysis},
  booktitle = {Computational Imaging XVI, Burlingame, California, USA, 28 January
               2018 - 1 February 2018},
  publisher = {Ingenta},
  year      = {2018},
  url       = {https://doi.org/10.2352/ISSN.2470-1173.2018.15.COIMG-201},
  doi       = {10.2352/ISSN.2470-1173.2018.15.COIMG-201},
  timestamp = {Tue, 04 Aug 2020 16:07:34 +0200},
  biburl    = {https://dblp.org/rec/conf/cimaging/0002KD18.bib},
  bibsource = {dblp computer science bibliography, https://dblp.org}
}

@INPROCEEDINGS{drone,
  author={Wang, Shuqin and Gao, Jerry Zeyu and Li, Weiyi and Li, Yanning and Wang, Kaixuan and Lu, Shengqiang},
  booktitle={2019 IEEE SmartWorld, Ubiquitous Intelligence   Computing, Advanced   Trusted Computing, Scalable Computing   Communications, Cloud   Big Data Computing, Internet of People and Smart City Innovation (SmartWorld/SCALCOM/UIC/ATC/CBDCom/IOP/SCI)},
  title={Building Smart City Drone for Graffiti Detection and Clean-up},
  year={2019},
  volume={},
  number={},
  pages={1922-1928},
  doi={10.1109/SmartWorld-UIC-ATC-SCALCOM-IOP-SCI.2019.00337}}

